@inproceedings{hyndman2015large,
  title={Large-scale unusual time series detection},
  author={Hyndman, R. J. and Wang, Earo and Laptev, Nikolay},
  booktitle={2015 IEEE International Conference on Data Mining Workshop (ICDMW)},
  pages={1616--1619},
  year={2015}
}


@article{gupta2014outliersurvey,
  title={Outlier detection for temporal data: A survey},
  author={Gupta, Manish and Gao, Jing and Aggarwal, Charu C and Han, Jiawei},
  journal={IEEE Transactions on Knowledge and Data Engineering},
  volume={26},
  number={9},
  pages={2250--2267},
  year={2014},
  publisher={IEEE}
}

@article{shahid2015characteristics,
  title={Characteristics and classification of outlier detection techniques for wireless sensor networks in harsh environments: a survey},
  author={Shahid, Nauman and Naqvi, Ijaz Haider and Qaisar, Saad Bin},
  journal={Artificial Intelligence Review},
  volume={43},
  number={2},
  pages={193--228},
  year={2015},
  publisher={Springer}
}

@article{leigh2019framework,
  title={A framework for automated anomaly detection in high frequency water-quality data from in situ sensors},
  author={Leigh, Catherine and Alsibai, Omar and Hyndman, Rob J and Kandanaarachchi, Sevvandi and King, Olivia C and McGree, James M and Neelamraju, Catherine and Strauss, Jennifer and Talagala, Priyanga Dilini and Turner, Ryan DR and  Mengersen, Kerrie and  Peterson, Erin E. },
  journal={Science of the Total Environment},
  volume={664},
  pages={885--898},
  year={2019},
  publisher={Elsevier}
}


@article{unwin2019multivariate,
  title={Multivariate outliers and the O3 Plot},
  author={Unwin, Antony},
  journal={Journal of Computational and Graphical Statistics},
  pages={1--11},
  year={2019},
  publisher={Taylor \& Francis}
}

@article{talagala2019feature,
  title={A feature-based framework for detecting technical outliers in water-quality data from in situ sensors},
  author={Talagala, Priyanga Dilini and Hyndman, Rob J and Leigh, Catherine and Mengersen, Kerrie and Smith-Miles, Kate},
  journal={arXiv preprint arXiv:1902.06351},
  year={2019}
}

@article{yan2018visual,
  title={Visual Analysis of Collective Anomalies Using Faceted High-Order Correlation Graphs},
  author={Yan, Jia and Shi, Lei and Tao, Jun and Yu, Xiaolong and Zhuang, Zhou and Huang, Congcong and Yu, Rulei and Su, Purui and Wang, Chaoli and Chen, Yang},
  journal={IEEE transactions on visualization and computer graphics},
  year={2018},
  publisher={IEEE}
}

@article{novotny2006outlier,
  title={Outlier-preserving focus+ context visualization in parallel coordinates},
  author={Novotny, Matej and Hauser, Helwig},
  journal={IEEE Transactions on Visualization and Computer Graphics},
  volume={12},
  number={5},
  pages={893--900},
  year={2006},
  publisher={IEEE}
}

@article{wilkinson2017visualizing,
  title={Visualizing big data outliers through distributed aggregation},
  author={Wilkinson, Leland},
  journal={IEEE Transactions on Visualization and Computer Graphics},
  volume={24},
  number={1},
  pages={256--266},
  year={2017},
  publisher={IEEE}
}

@article{cao2017voila,
  title={Voila: Visual anomaly detection and monitoring with streaming spatiotemporal data},
  author={Cao, Nan and Lin, Chaoguang and Zhu, Qiuhan and Lin, Yu-Ru and Teng, Xian and Wen, Xidao},
  journal={IEEE Transactions on Visualization and Computer Graphics},
  volume={24},
  number={1},
  pages={23--33},
  year={2017},
  publisher={IEEE}
}

@article{liu2016visualizing,
  title={Visualizing high-dimensional data: Advances in the past decade},
  author={Liu, Shusen and Maljovec, Dan and Wang, Bei and Bremer, Peer-Timo and Pascucci, Valerio},
  journal={IEEE Transactions on Visualization and Computer Graphics},
  volume={23},
  number={3},
  pages={1249--1268},
  year={2016},
  publisher={IEEE}
}

@article{cao2015targetvue,
  title={Targetvue: Visual analysis of anomalous user behaviors in online communication systems},
  author={Cao, Nan and Shi, Conglei and Lin, Sabrina and Lu, Jie and Lin, Yu-Ru and Lin, Ching-Yung},
  journal={IEEE Transactions on Visualization and Computer Graphics},
  volume={22},
  number={1},
  pages={280--289},
  year={2015},
  publisher={IEEE}
}

@article{talagala2019anomaly,
   author = {Priyanga Dilini Talagala and Rob J. Hyndman and Kate Smith-Miles and Sevvandi Kandanaarachchi and Mario A. Mu√±oz},
   title = {Anomaly Detection in Streaming Nonstationary Temporal Data},
    journal = {Journal of Computational and Graphical Statistics},
    pages = {1-21},
    year  = {2019},
    doi = {10.1080/10618600.2019.1617160},
    publisher = {Taylor & Francis},
}




@article{elseberg2012comparison,
  title={Comparison of nearest-neighbor-search strategies and implementations for efficient shape registration},
  author={Elseberg, Jan and Magnenat, St{\'e}phane and Siegwart, Roland and N{\"u}chter, Andreas},
  journal={Journal of Software Engineering for Robotics},
  volume={3},
  number={1},
  pages={2--12},
  year={2012}
}

@article{wenskovitch2017towards,
  title={Towards a systematic combination of dimension reduction and clustering in visual analytics},
  author={Wenskovitch, John and Crandell, Ian and Ramakrishnan, Naren and House, Leanna and North, Chris},
  journal={IEEE transactions on visualization and computer graphics},
  volume={24},
  number={1},
  pages={131--141},
  year={2017},
  publisher={IEEE}
}

@article{sacha2016visual,
  title={Visual interaction with dimensionality reduction: A structured literature analysis},
  author={Sacha, Dominik and Zhang, Leishi and Sedlmair, Michael and Lee, John A and Peltonen, Jaakko and Weiskopf, Daniel and North, Stephen C and Keim, Daniel A},
  journal={IEEE transactions on visualization and computer graphics},
  volume={23},
  number={1},
  pages={241--250},
  year={2016},
  publisher={IEEE}
}


@article{faria2016novelty,
	title={Novelty detection in data streams},
	author={Faria, Elaine R and Gon{\c{c}}alves, Isabel JCR and de Carvalho, Andr{\'e} CPLF and Gama, Jo{\~a}o},
	journal={Artificial Intelligence Review},
	volume={45},
	number={2},
	pages={235--269},
	year={2016},
	publisher={Springer}
}

@article{luts2014real,
  title={Real-time semiparametric regression},
  author={Luts, Jan and Broderick, Tamara and Wand, Matt P},
  journal={Journal of Computational and Graphical Statistics},
  volume={23},
  number={3},
  pages={589--615},
  year={2014},
  publisher={Taylor \& Francis}
}

@article{yamanishi2004line,
  title={On-line unsupervised outlier detection using finite mixtures with discounting learning algorithms},
  author={Yamanishi, Kenji and Takeuchi, Jun-Ichi and Williams, Graham and Milne, Peter},
  journal={Data Mining and Knowledge Discovery},
  volume={8},
  number={3},
  pages={275--300},
  year={2004},
  publisher={Springer}
}


@article{lin2010research,
  title={Research on maximal frequent pattern outlier factor for online high dimensional time-series outlier detection},
  author={Lin, Feng and Le, Wang and Bo, Jin},
  journal={Journal of convergence information technology},
  volume={5},
  number={10},
  pages={66--71},
  year={2010},
  publisher={Advanced Institute of Convergence IT}
}

@book{hawkins1980identification,
  title={Identification of outliers},
  author={Hawkins, Douglas M},
  volume={11},
  year={1980},
  publisher={Springer}
}

@article{moshtaghi2014streaming,
  title={Streaming analysis in wireless sensor networks},
  author={Moshtaghi, Masud and Bezdek, James C and Havens, Timothy C and Leckie, Christopher and Karunasekera, Shanika and Rajasegarar, Sutharshan and Palaniswami, Marimuthu},
  journal={Wireless Communications and Mobile Computing},
  volume={14},
  number={9},
  pages={905--921},
  year={2014},
  publisher={Wiley Online Library}
}


@article{o2014anomaly,
  title={Anomaly detection in wireless sensor networks in a non-stationary environment},
  author={O'Reilly, Colin and Gluhak, Alexander and Imran, Muhammad Ali and Rajasegarar, Sutharshan},
  journal={IEEE Communications Surveys \& Tutorials},
  volume={16},
  number={3},
  pages={1413--1432},
  year={2014},
  publisher={IEEE}
}

@article{chandola2009anomaly,
	title={Anomaly detection: A survey},
	author={Chandola, Varun and Banerjee, Arindam and Kumar, Vipin},
	journal={ACM computing surveys (CSUR)},
	volume={41},
	number={3},
	pages={15},
	year={2009},
	publisher={ACM}
}

@ARTICLE{Chandola2009wq,
  title     = "Anomaly detection: A survey",
  author    = "Chandola, Varun and Banerjee, Arindam and Kumar, Vipin",
  journal   = "ACM Computing Surveys",
  publisher = "Association for Computing Machinery",
  volume    =  41,
  number    =  3,
  pages     = "1--58",
  month     =  jul,
  year      =  2009,
  address   = "Baltimore",
}


@incollection{ben2005outlier,
  title={Outlier detection},
  author={Ben-Gal, Irad},
  booktitle={Data mining and knowledge discovery handbook},
  pages={131--146},
  year={2005},
  publisher={Springer}
}


@phdthesis{williams2016local,
  title={Local parametric density-based outlier detection and ensemble learning with applications to malware detection},
  author={Williams, Kristopher T},
  year={2016},
  school={The University of Texas at San Antonio}
}

@phdthesis{kellner2016gaussian,
  title={Gaussian Models and Kernel Methods},
  author={Kellner, J{\'e}r{\'e}mie},
  year={2016},
  school={Universit{\'e} des Sciences et Technologie de Lille 1}
}

@article{clifton2011novelty,
	title={Novelty detection with multivariate extreme value statistics},
	author={Clifton, D. A. and Hugueny, Samuel and Tarassenko, Lionel},
	journal={Journal of Signal Processing Systems},
	volume={65},
	number={3},
	pages={371--389},
	year={2011},
	publisher={Springer}
}

@phdthesis{hugueny2013novelty,
	title={Novelty detection with extreme value theory in vital-sign monitoring},
	author={Hugueny, Samuel},
	year={2013},
	school={University of Oxford}
}

@article{kumar2016adaptive,
	title={Adaptive cluster tendency visualization and anomaly detection for streaming data},
	author={Kumar, Dheeraj and Bezdek, James C and Rajasegarar, Sutharshan and Palaniswami, Marimuthu and Leckie, Christopher and Chan, Jeffrey and Gubbi, Jayavardhana},
	journal={ACM Transactions on Knowledge Discovery from Data (TKDD)},
	volume={11},
	number={2},
	pages={24},
	year={2016},
	publisher={ACM}
}

@book{schwarz2008wind,
	title={Wind dispersion of carbon dioxide leaking from underground sequestration, and outlier detection in eddy covariance data using extreme value theory},
	author={Schwarz, Katherine Tracy},
	year={2008},
	publisher={ProQuest}
}

@article{burridge2006additive,
	title={Additive outlier detection via extreme-value theory},
	author={Burridge, Peter and Taylor, A. M. Robert},
	journal={Journal of Time Series Analysis},
	volume={27},
	number={5},
	pages={685--701},
	year={2006},
	publisher={Wiley Online Library}
}


@article{perron2003searching,
  title={Searching for additive outliers in nonstationary time series},
  author={Perron, Pierre and Rodr√≠guez, Gabriel},
  journal={Journal of Time Series Analysis},
  volume={24},
  number={2},
  pages={193--220},
  year={2003},
  publisher={Wiley Online Library}
}

@inproceedings{sundaram2009aircraft,
	title={Aircraft engine health monitoring using density modelling and extreme value statistics},
	author={Sundaram, Srini and Strachan, Iain G D and Clifton, D. A. and Tarassenko, Lionel and King, Steve},
	booktitle={Proceedings of the 6th International Conference on Condition Monitoring and Machine Failure Prevention Technologies},
	year={2009}
}

@article{abuzaid2013detection,
  title={Detection of outliers in simple circular regression models using the mean circular error statistic},
  author={Abuzaid, AH and Hussin, AG and Mohamed, IB},
  journal={Journal of Statistical Computation and Simulation},
  volume={83},
  number={2},
  pages={269--277},
  year={2013},
  publisher={Taylor \& Francis}
}

@article{zijlstra2011robust,
  title={Robust Mokken scale analysis by means of the forward search algorithm for outlier detection},
  author={Zijlstra, Wobbe P and van der Ark, L Andries and Sijtsma, Klaas},
  journal={Multivariate behavioral research},
  volume={46},
  number={1},
  pages={58--89},
  year={2011},
  publisher={Taylor \& Francis}
}

@inproceedings{breunig2000lof,
  title={LOF: identifying density-based local outliers},
  author={Breunig, Markus M and Kriegel, Hans-Peter and Ng, Raymond T and Sander, J{\"o}rg},
  booktitle={ACM Sigmod Record},
  volume={29},
  number={2},
  pages={93--104},
  year={2000},
  organization={ACM}
}

@inproceedings{tang2002enhancing,
  title={Enhancing effectiveness of outlier detections for low density patterns},
  author={Tang, Jian and Chen, Zhixiang and Fu, Ada Wai-Chee and Cheung, David W},
  booktitle={Pacific-Asia Conference on Knowledge Discovery and Data Mining},
  pages={535--548},
  year={2002},
  organization={Springer}
}

@inproceedings{jin2006ranking,
  title={Ranking outliers using symmetric neighborhood relationship},
  author={Jin, Wen and Tung, Anthony KH and Han, Jiawei and Wang, Wei},
  booktitle={Pacific-Asia Conference on Knowledge Discovery and Data Mining},
  pages={577--593},
  year={2006},
  organization={Springer}
}


@inproceedings{gao2011rkof,
  title={RKOF: robust kernel-based local outlier detection},
  author={Gao, Jun and Hu, Weiming and Zhang, Zhongfei Mark and Zhang, Xiaoqin and Wu, Ou},
  booktitle={Pacific-Asia Conference on Knowledge Discovery and Data Mining},
  pages={270--283},
  year={2011},
  organization={Springer}
}

@inproceedings{wilkinson2005graph,
  title={Graph-theoretic scagnostics},
  author={Wilkinson, Leland and Anand, Anushka and Grossman, Robert},
  booktitle={IEEE Symposium on Information Visualization, 2005. INFOVIS 2005.},
  pages={157--164},
  year={2005},
  organization={IEEE}
}

@BOOK{Aggarwal2017cj,
  title     = "Outlier analysis",
  author    = "Aggarwal, Charu C",
  publisher = "Cham, Switzerland : Springer",
  edition   = "Second edition.",
  year      =  2017,
  keywords  = "Outliers (Statistics);Data mining"
}

@article{kriegel2010outlier,
  title={Outlier detection techniques},
  author={Kriegel, Hans-Peter and Kr{\"o}ger, Peer and Zimek, Arthur},
  journal={Tutorial at KDD},
  volume={10},
  year={2010}
}

@article{hodge2004survey,
  title={A survey of outlier detection methodologies},
  author={Hodge, Victoria and Austin, Jim},
  journal={Artificial Intelligence Review},
  volume={22},
  number={2},
  pages={85--126},
  year={2004},
  publisher={Springer}
}

@article{pimentel2014review,
  title={A review of novelty detection},
  author={Pimentel, Marco AF and Clifton, David A and Clifton, Lei and Tarassenko, Lionel},
  journal={Signal Processing},
  volume={99},
  pages={215--249},
  year={2014},
  publisher={Elsevier}
}

@inproceedings{sabahi2008intrusion,
  title={Intrusion detection: A survey},
  author={Sabahi, Farzad and Movaghar, Ali},
  booktitle={ 3rd International Conference on Systems and Networks Communications-ICSNC'08.},
  pages={23--26},
  year={2008},
  organization={IEEE}
}

@inproceedings{aggarwal2008outlier,
  title={Outlier detection with uncertain data},
  author={Aggarwal, Charu C and Yu, Philip S},
  booktitle={Proceedings of the 2008 SIAM International Conference on Data Mining},
  pages={483--493},
  year={2008},
  organization={SIAM}
}


@book{hartigan1975clustering,
  title={Clustering Algorithms},
  author={Hartigan, John A and Hartigan, JA},
  volume={209},
  year={1975},
  publisher={Wiley New York}
}

@Manual{Rsoftware2019,
    title = {R: A Language and Environment for Statistical Computing},
    author = {{R Core Team}},
    organization = {R Foundation for Statistical Computing},
    address = {Vienna, Austria},
    year = {2019},
    url = {https://www.R-project.org/},
  }
  
 @Manual{strayR2019,
    title = {stray: Anomaly Detection in High Dimensional and Temporal Data},
    author = {Priyanga Dilini Talagala and Rob J Hyndman and Kate Smith-Miles},
    note = {R package version 0.1.0.9000},
    year = {2019},
  }

@article{goldstein2016comparative,
  title={A comparative evaluation of unsupervised anomaly detection algorithms for multivariate data},
  author={Goldstein, Markus and Uchida, Seiichi},
  journal={PlOS ONE},
  volume={11},
  number={4},
  pages={e0152173},
  year={2016},
  publisher={Public Library of Science}
}

@Manual{madsen2018ddoutlier,
    title = {DDoutlier: Distance and Density-Based Outlier Detection},
    author = {Jacob H. Madsen},
    year = {2018},
    note = {R package version 0.1.0},
    url = {https://CRAN.R-project.org/package=DDoutlier},
}

@inproceedings{zhang2010improved,
  title={An improved method of outlier detection based on frequent pattern},
  author={Zhang, Weiwei and Wu, Jianhua and Yu, Jie},
  booktitle={Information Engineering (ICIE), 2010 WASE International Conference on},
  volume={2},
  pages={3--6},
  year={2010},
  organization={IEEE}
}


@article{grubbs1969procedures,
	title={Procedures for detecting outlying observations in samples},
	author={Grubbs, Frank E},
	journal={Technometrics},
	volume={11},
	number={1},
	pages={1--21},
	year={1969},
	publisher={Taylor \& Francis}
}

@article{hyndman1996computing,
	title={Computing and graphing highest density regions},
	author={Hyndman, R. J.},
	journal={The American Statistician},
	volume={50},
	number={2},
	pages={120--126},
	year={1996},
	publisher={Taylor \& Francis}
}

@book{galambos2013extreme,
	title={Extreme Value Theory and Applications: Proceedings of the Conference on Extreme Value Theory and Applications, Volume 1 Gaithersburg Maryland 1993},
	author={Galambos, J. and Lechner, J. and Simiu, E.},
	isbn={9781461336389},
	series={Extreme Value Theory and Applications: Proceedings of the Conference on Extreme Value Theory and Applications, Gaithersburg, Maryland, 1993},
	year={2013},
	publisher={Springer US}
}

@article{weissman1978estimation,
  title={Estimation of parameters and large quantiles based on the k largest observations},
  author={Weissman, Ishay},
  journal={Journal of the American Statistical Association},
  volume={73},
  number={364},
  pages={812--815},
  year={1978},
  publisher={Taylor \& Francis}
}

@book{embrechts2013modelling,
	title={Modelling Extremal Events: for Insurance and Finance},
	author={Embrechts, P. and Kl{\"u}ppelberg, C. and Mikosch, T.},
	isbn={9783540609315},
	lccn={97012308},
	series={Stochastic Modelling and Applied Probability},
	year={2013},
	publisher={Springer Berlin Heidelberg}
}


@article{hofmann2017value,
  title={Value plots: Boxplots for large data},
  author={Hofmann, Heike and Wickham, Hadley and Kafadar, Karen},
  journal={Journal of Computational and Graphical Statistics},
  volume={26},
  number={3},
  pages={469--477},
  year={2017},
  publisher={Taylor \& Francis}
}


@article{jouan1999detection,
  title={Detection of prediction outliers and inliers in multivariate calibration},
  author={Jouan-Rimbaud, D and Bouveresse, E and Massart, DL and De Noord, OE},
  journal={Analytica Chimica Acta},
  volume={388},
  number={3},
  pages={283--301},
  year={1999},
  publisher={Elsevier}
}

@article{kanungo2002efficient,
  title={An efficient k-means clustering algorithm: Analysis and implementation},
  author={Kanungo, Tapas and Mount, David M and Netanyahu, Nathan S and Piatko, Christine D and Silverman, Ruth and Wu, Angela Y},
  journal={IEEE Transactions on Pattern Analysis \& Machine Intelligence},
  number={7},
  pages={881--892},
  year={2002},
  publisher={IEEE}
}


@article{mcnames2001fast,
  title={A fast nearest-neighbor algorithm based on a principal axis search tree},
  author={McNames, James},
  journal={IEEE Transactions on Pattern Analysis and Machine Intelligence},
  volume={23},
  number={9},
  pages={964--976},
  year={2001},
  publisher={IEEE}
}

@article{campos2016evaluation,
  title={On the evaluation of unsupervised outlier detection: measures, datasets, and an empirical study},
  author={Campos, Guilherme O and Zimek, Arthur and Sander, J{\"o}rg and Campello, Ricardo JGB and Micenkov{\'a}, Barbora and Schubert, Erich and Assent, Ira and Houle, Michael E},
  journal={Data Mining and Knowledge Discovery},
  volume={30},
  number={4},
  pages={891--927},
  year={2016},
  publisher={Springer}
}

@Manual{madsen2018ddoutlier,
    title = {DDoutlier: Distance and Density-Based Outlier Detection},
    author = {Jacob H. Madsen},
    year = {2018},
    note = {R package version 0.1.0},
    url = {https://CRAN.R-project.org/package=DDoutlier},
}

 @Manual{FNN2019,
    title = {FNN: Fast Nearest Neighbor Search Algorithms and Applications},
    author = {Alina Beygelzimer and Sham Kakadet and John Langford and Sunil Arya and David Mount and Shengqiao Li},
    year = {2019},
    note = {R package version 1.1.3},
    url = {https://CRAN.R-project.org/package=FNN},
  }
  
  
  @Article{elsebergcomparison,
    title = {Comparison of nearest-neighbor-search strategies and implementations for efficient shape registration},
    author = {J. Elseberg and S. Magnenat and R. Siegwart and A. N{\"u}chter},
    journal = {Journal of Software Engineering for Robotics (JOSER)},
    pages = {2--12},
    volume = {3},
    number = {1},
    year = {2012},
    issn = {2035-3928},
  }
  
  @MISC {26873,
    TITLE = {Performance of kd-tree vs brute-force nearest neighbor search on GPU?},
    AUTHOR = {Richard Zhang},
    HOWPUBLISHED = {Computational Science Stack Exchange},
    NOTE = {URL:https://scicomp.stackexchange.com/q/26873 (version: 2017-05-13)},
    year = {2017}
}

@Manual{HDoutliersR,
    title = {HDoutliers: Leland Wilkinson's Algorithm for Detecting Multidimensional
Outliers},
    author = {Chris Fraley},
    year = {2018},
    note = {R package version 1.0},
    url = {https://CRAN.R-project.org/package=HDoutliers},
  }

  
    
@MANUAL{city_Melb_2019,
  title       = {Pedestrian Volume in Melbourne},
  author      = "{City of Melbourne}",
  institution = "City of Melbourne, Australia",
  year        =  2019,
  url         = "http://www.pedestrian.melbourne.vic.gov.au",
  note = {Last accessed 2019-07-23},
}
  
   @Manual{rwalkr2019,
    title = {rwalkr: API to Melbourne Pedestrian Data},
    author = {Earo Wang},
    year = {2018},
    note = {R package version 0.4.0},
    url = {https://CRAN.R-project.org/package=rwalkr},
  }
  
  
  @article{dang2014transforming,
  title={Transforming scagnostics to reveal hidden features},
  author={Dang, Tuan Nhon and Wilkinson, Leland},
  journal={IEEE Transactions on Visualization and Computer Graphics},
  volume={20},
  number={12},
  pages={1624--1632},
  year={2014},
  publisher={IEEE}
}

@article{kang2017visualising,
  title={Visualising forecasting algorithm performance using time series instance spaces},
  author={Kang, Yanfei and Hyndman, Rob J and Smith-Miles, Kate},
  journal={International Journal of Forecasting},
  volume={33},
  number={2},
  pages={345--358},
  year={2017},
  publisher={Elsevier}
}

@article{smith2014towards,
  title={Towards objective measures of algorithm performance across instance space},
  author={Smith-Miles, Kate and Baatar, Davaatseren and Wreford, Brendan and Lewis, Rhyd},
  journal={Computers \& Operations Research},
  volume={45},
  pages={12--24},
  year={2014},
  publisher={Elsevier}
}